<?xml version="1.0" encoding="UTF-8"?>
  <record xmlns="http://www.loc.gov/MARC21/slim" type="Authority">
    <leader>00000nz  a2200000oc 4500</leader>
    <controlfield tag="001">1074264487</controlfield>
    <controlfield tag="003">DE-101</controlfield>
    <controlfield tag="005">20160907133113.0</controlfield>
    <controlfield tag="008">150723n||aznnnaabn           | aaa    |c</controlfield>
    <datafield tag="024" ind1="7" ind2=" ">
      <subfield code="a">1074264487</subfield>
      <subfield code="0">http://d-nb.info/gnd/1074264487</subfield>
      <subfield code="2">gnd</subfield>
    </datafield>
    <datafield tag="035" ind1=" " ind2=" ">
      <subfield code="a">(DE-101)1074264487</subfield>
    </datafield>
    <datafield tag="035" ind1=" " ind2=" ">
      <subfield code="a">(DE-588)1074264487</subfield>
    </datafield>
    <datafield tag="040" ind1=" " ind2=" ">
      <subfield code="a">DE-12</subfield>
      <subfield code="c">DE-12</subfield>
      <subfield code="9">r:DE-12</subfield>
      <subfield code="b">ger</subfield>
      <subfield code="d">0012</subfield>
      <subfield code="e">rda</subfield>
    </datafield>
    <datafield tag="042" ind1=" " ind2=" ">
      <subfield code="a">gnd3</subfield>
    </datafield>
    <datafield tag="043" ind1=" " ind2=" ">
      <subfield code="c">XA-IT</subfield>
    </datafield>
    <datafield tag="075" ind1=" " ind2=" ">
      <subfield code="b">p</subfield>
      <subfield code="2">gndgen</subfield>
    </datafield>
    <datafield tag="075" ind1=" " ind2=" ">
      <subfield code="b">piz</subfield>
      <subfield code="2">gndspec</subfield>
    </datafield>
    <datafield tag="079" ind1=" " ind2=" ">
      <subfield code="a">g</subfield>
      <subfield code="q">a</subfield>
      <subfield code="q">f</subfield>
    </datafield>
    <datafield tag="100" ind1="1" ind2=" ">
      <subfield code="a">Pensa, Oliverio</subfield>
      <subfield code="d">1584-1653</subfield>
    </datafield>
    <datafield tag="375" ind1=" " ind2=" ">
      <subfield code="a">1</subfield>
      <subfield code="2">iso5218</subfield>
    </datafield>
    <datafield tag="400" ind1="1" ind2=" ">
      <subfield code="a">Pensa, Oliverius</subfield>
      <subfield code="d">1584-1653</subfield>
    </datafield>
    <datafield tag="400" ind1="1" ind2=" ">
      <subfield code="a">Pensa, Olivier</subfield>
      <subfield code="d">1584-1653</subfield>
    </datafield>
    <datafield tag="510" ind1="2" ind2=" ">
      <subfield code="0">(DE-101)000800929</subfield>
      <subfield code="0">(DE-588)80092-2</subfield>
      <subfield code="0">https://d-nb.info/gnd/80092-2</subfield>
      <subfield code="a">Jesuiten</subfield>
      <subfield code="4">affi</subfield>
      <subfield code="4">https://d-nb.info/standards/elementset/gnd#affiliation</subfield>
      <subfield code="w">r</subfield>
      <subfield code="i">Affiliation</subfield>
      <subfield code="e">Affiliation</subfield>
    </datafield>
    <datafield tag="548" ind1=" " ind2=" ">
      <subfield code="a">1584-1653</subfield>
      <subfield code="4">datl</subfield>
      <subfield code="4">https://d-nb.info/standards/elementset/gnd#dateOfBirthAndDeath</subfield>
      <subfield code="w">r</subfield>
      <subfield code="i">Lebensdaten</subfield>
      <subfield code="9">v:anderslautend. Geburtsjahr: 1585; laut Sommervogel: gest. 1658</subfield>
    </datafield>
    <datafield tag="548" ind1=" " ind2=" ">
      <subfield code="a">-12.09.1653</subfield>
      <subfield code="4">datx</subfield>
      <subfield code="4">https://d-nb.info/standards/elementset/gnd#dateOfDeath</subfield>
      <subfield code="w">r</subfield>
      <subfield code="i">Exakte Lebensdaten</subfield>
    </datafield>
    <datafield tag="551" ind1=" " ind2=" ">
      <subfield code="0">(DE-101)042821592</subfield>
      <subfield code="0">(DE-588)4282159-9</subfield>
      <subfield code="0">https://d-nb.info/gnd/4282159-9</subfield>
      <subfield code="a">Sarzana</subfield>
      <subfield code="4">ortg</subfield>
      <subfield code="4">https://d-nb.info/standards/elementset/gnd#placeOfBirth</subfield>
      <subfield code="w">r</subfield>
      <subfield code="i">Geburtsort</subfield>
    </datafield>
    <datafield tag="551" ind1=" " ind2=" ">
      <subfield code="0">(DE-101)040504719</subfield>
      <subfield code="0">(DE-588)4050471-2</subfield>
      <subfield code="0">https://d-nb.info/gnd/4050471-2</subfield>
      <subfield code="a">Rom</subfield>
      <subfield code="4">orts</subfield>
      <subfield code="4">https://d-nb.info/standards/elementset/gnd#placeOfDeath</subfield>
      <subfield code="w">r</subfield>
      <subfield code="i">Sterbeort</subfield>
    </datafield>
    <datafield tag="667" ind1=" " ind2=" ">
      <subfield code="a">VD-17</subfield>
    </datafield>
    <datafield tag="670" ind1=" " ind2=" ">
      <subfield code="a">Biogr. Archiv des Christentums</subfield>
    </datafield>
    <datafield tag="670" ind1=" " ind2=" ">
      <subfield code="a">Becker, Rotraud: Nuntiaturberichte ... 2004, S. LI - LII, 454</subfield>
    </datafield>
    <datafield tag="678" ind1=" " ind2=" ">
      <subfield code="b">Jesuit; 1629-1632 und 1635-1638 Rektor des Collegio Romano; 1639-1642 Provinzial der römischen, 1642-1646 der Mailänder Jesuitenprovinz; mit dem Wiener Nuntius Malatesta Baglioni befreundet</subfield>
    </datafield>
  </record>
